@article{Nash1951,
  title   = {Non-Cooperative Games}, 
  author  = {J. Nash},
  journal = {The Annals of Mathematics},
  volume  = 54, 
  number  = 2, 
  year    = 1951,
  pages   = {286--295}
}

@article{Cowling12MTG,
  author  = {P.I. Cowling and C.D. Ward and E.J. Powley},
  title   = {Ensemble determinization in Monte Carlo Tree Search for the imperfect information card game Magic: The Gathering},
  journal = {IEEE Transactions on Computational Intelligence and AI in Games},
  volume  = {4},
  number  = {4},
  pages   = {241--257},
  year    = 2012
}

@article{Campbell02deepblue,
    author = {M. Campbell and A. J. Hoane  and F. Hsu},
    title = {Deep Blue},
    journal = {Artificial Intelligence},
    year = {2002},
    volume = {134},
    pages = {57--83}
}

@article{Nash1950,
  title = {Equilibrium Points in N-person Games}, 
  journal = {Proceedings of the National Academy of Sciences}, 
  author = {J. Nash}, 
  volume = 36, 
  number = 1,
  pages = {48--49}, 
  year = 1950
}

@article{Tesauro95TDGammon,
 author = {G. Tesauro},
 title = {Temporal difference learning and TD-Gammon},
 journal = {Commun. ACM},
 volume = {38},
 number = {3},
 month = mar,
 year = {1995},
 pages = {58--68},
 publisher = {ACM},
 address = {New York, NY, USA},
} 

@article{Schaeffer07gameover,
  author = {J. Schaeffer},
  title = {Game Over: Game Over: Black to Play and Draw in Checkers},
  journal = {International Computer Games Association ({ICGA}) Journal},
  volume = 30,
  number = 4,
  pages = {187--197},
  year = 2007
}

@article{Schaeffer96chinook,
  author = {J. Schaeffer and R. Lake and P. Lu and M. Bryant},
  title = {Chinook: The World Man-Machine Checkers Champion},
  journal = {{AI} Magazine},
  volume = 17,
  number = 1,
  pages = {21--29},
  year = 1996
}

@article{Turing1950,
  title = "Computing Machinery and Intelligence",
  author = "A. Turing",
  year = 1950
}

@techreport{MCCFR-TR,
  title = {{M}onte {C}arlo Sampling for Regret Minimization in Extensive Games}, 
  author = {M. Lanctot and K. Waugh and M. Zinkevich and M. Bowling}, 
  year = 2009, 
  number = {TR09-15}, 
  institution = {University of Alberta}, 
  note = {\url{http://www.cs.ualberta.ca/research/techreports/2009/TR09-15.php}}
}

@article{Shannon1950,
  author = "C. Shannon", 
  title = "A Chess-Playing machine.",
  journal = "Scientific American", 
  pages = "48--51",
  year = 1950
}

@article{Samuel1959,
  author = "A. Samuel", 
  title = "Some Studies in Machine Learning Using the Game of {C}heckers", 
  journal = {{IBM} Journal of Research and Development}, 
  volume = 3, 
  number = 3, 
  pages = {211--229}, 
  year = 1959
}

@article{Chinook, 
  author = {J. Schaeffer and R. Lake and P. Lu and M. Bryant},
  title = {Chinook: The World Man-Machine {C}heckers Champion},
  journal = {AI Magazine},
  volume = 17,
  number = 1, 
  pages = {21--29}, 
  year = 1996
}

@article{GGP, 
  author = "M. Genesereth and N. Love", 
  title  = "General Game-Playing: Overview of the {AAAI} Competition",
  journal = {AI Magazine},
  year = {2005},
  volume = {26},
  pages = {62--72}
}

@phdthesis{Allis94searchingfor,
    author = {L. V. Allis},
    title = {Searching for Solutions in Games and Artificial Intelligence},
    year = {1994},
    school = {Rijksuniversiteit Limburg},
    address = {Maastricht, The Netherlands}
}

@phdthesis{Finnsson12,
    author = {Hilmar Finnsson},
    title = {Simulation-Based General Game Playing},
    year = {2012},
    school = {Reykjav\'{i}k University},
}

@phdthesis{Woods10thesis,
  author = {Stewart Woods},
  title = {Convivial Conflicts: The Form, Culture and Play of Modern European Strategy Games},
  year = {2010},
  school = {Curtin University of Technology}
}

@phdthesis{Pell93,
  author = {B. Pell}, 
  title = {Strategy Generation and Evaluation for Meta-Game Playing},
  year = 1993,
  school = {University of Cambridge}
}

@phdthesis{Sturtevant03,
  author = {N. R. Sturtevant},
  title = {Multi-Player Games: Algorithms and Approaches},
  year = {2003},
  school = {University of California, Los Angeles ({UCLA})}
}

@inproceedings{Sturtevant02,
  author    = {N. R. Sturtevant},
  title     = {A Comparison of Algorithms for Multi-player Games},
  booktitle = {Computers and Games},
  year      = {2002},
  pages     = {108--122},
}

@phdthesis{lanctot13phdthesis,
  author  = {Marc Lanctot},  
  title   = {Monte Carlo Sampling and Regret Minimization for Equilibrium Computation and Decision-Making in Large Extensive Form Games},
  year    = 2013,
  school  = {Department of Computing Science, University of Alberta},
  month   = {June},
  address = {Edmonton, Alberta, Canada}
}


@phdthesis{Long11,
  author = {J. Long},
  title = {Combining Search and Inference to Play World-Caliber Skat},
  year = 2011,
  school = {University of Alberta}
}

@phdthesis{Gilpin09,
  author = {A. Gilpin}, 
  title = {Algorithms for Abstracting and Solving Imperfect Information Games},
  year = 2009,
  school = {Carnegie Mellon University}
}

@phdthesis{Kaiser07,
  author = {D. M. Kaiser},
  title =  {The Structure of Games},
  year = 2007,
  school = {Florida International University}
}

@article{Karmarkar84,
  author = {N. Karmarkar},
  title = {A New Polynomial Time Algorithm for Linear Programming},
  year = 1984,
  journal = {Combinatorica},
  volume = 4,
  number = 4,
  pages = {373--395}
}

@article{Koller97,
  author = {D. Koller and A. Pfeffer},
  title = {Representations and Solutions for Game-Theoretic Problems},
  year = 1997,
  journal = {Artificial Intelligence},
  volume = 94,
  pages = {167--215}
}

@inproceedings{Shi01,
  author = {J. Shi and M. Littman}, 
  title = {Abstraction Models for Game-Theoretic {P}oker},
  booktitle = {Computers and Games}, 
  pages = {333--345},
  publisher = {Springer-Verlag},
  year = 2001,
  series = {Lecture Notes in Computer Science}
}

@inproceedings{StPierre12Online,
  author = {David L. St-Pierre and Quentin Louveaux and Olivier Teytaud},
  title = {Online Sparse Bandit for Card Games},
  booktitle = {Advances in Computer Games},
  pages = {295--305},
  publisher = {Springer-Verlag},
  year = 2012,
  series = {Lecture Notes in Computer Science}
}

@inproceedings{Powley12,
  author    = {E.J. Powley and D. Whitehouse and P.I. Cowling}, 
  title     = {Determinization and Information Set {M}onte {C}arlo Tree Search for the Card Game {D}ou {D}i {Z}hu},
  booktitle = {{IEEE} Conference on Computational Intelligence in Games ({CIG} 2011)}, 
  year      = 2012,
}

@inproceedings{Billings03,
  author = {D. Billings and N. Burch and A. Davidson and R. Holte and J. Schaeffer and T. Schauenberg and D. Szafron},
  title = {Approximating Game-Theoretic Optimal Strategies for Full-scale {P}oker},
  booktitle = {Proceedings of the 2003 International Joint Conference on Artificial Intelligence {IJCAI-2003}},
  year = 2003
}

@article{Adler89An,
  author = {I. Adler and N. Karmarkar and M.G.C. Resende and G. Veiga},
  title = {An Implementation of {K}armarkar's Algorithm for Linear Programming},
  year = 1989, 
  journal = {Mathematical Programming}, 
  volume = 44,
  pages = {297--335}
}

@article{Ginsberg01,
  author = {M. Ginsberg},
  title = {{GIB}: Imperfect Information in a Computationally Challenging Game},
  year = 2001, 
  journal = {Journal of Artificial Intelligence Research}, 
  volume = 14,
  pages = {303--358}
}

@article{Sheppard02World, 
  author = {Brian Sheppard},
  title = {World-championship-caliber Scrabble}, 
  year = 2002, 
  journal = {Artificial Intelligence},
  volume = 134,
  pages = {241--275}
}

@article{Dudik07,
  title = {Maximum Entropy Density Estimation with Generalized Regularization and
           an Application to Species Distribution Modeling},
  author = {M. Dud\'{i}k and S. J. Phillips and R. E. Schapire},
  journal = {Journal of Machine Learning Research},
  volume = 8, 
  pages = {1217--1260}
}





@phdthesis{EGGG00,
  author = {J. Orwant}, 
  title = {The Extensible Graphical Game Generator},
  year = 2000,
  school = {Massechusetts Institute of Technology}
}

@misc{Gambit,
  title = {Gambit: Software Tools for Game Theory}, 
  author = {R. McKelvey and A. McLennan and T. Turocy},
  year = 2007, 
  note = {http://www.gambit-project.org}
}

@misc{JohGib12,
  title = {Personal Communication},
  author = {Michael Johanson and Richard Gibson},
  year = 2012
}

@book{Neumann47,
  title = "The Theory of Games and Economic Behavior",
  author = "J. von Neumann and O. Morgenstern", 
  year = "1947",
  publisher = "Princeton University Press", 
  edition = {2nd}
}

@book{Levy89Heuristic,
  title = {Heuristic Programming in Artificial Intelligence: The First Computer Olympiad},
  author = {D.N.L. Levy},
  year = {1989},
  editor = {D.N.L Levy and D.F. Beal},
  publisher = {Ellis Horwood Ltd.},
}

@book{PLG,
  title = {Predition, Learning, and Games},
  author = {N. Cesa-Biachi and G. Lugosi}, 
  year = {2006},
  publisher = {Cambridge University Press}
}

@book{Knizia10,
  title =     {Dice Games Properly Explained},
  author =    {R. Knizia}, 
  year =      2010,
  publisher = {Blue Terrier Press}, 
}

@book{OsbRub94,
  title = {A Course in Game Theory}, 
  author = {M.J. Osborne and A. Rubinstein},
  year = {1994},
  publisher = {{MIT} Press}
}

@book{Osborne04,
  title = {An Introduction to Game Theory}, 
  author = {M.J. Osborne},
  year = {2004},
  publisher = {Oxford University Press}
}


@book{Wasserman04All, 
  title = {All of Statistics}, 
  author = {L. Wasserman}, 
  year = {2004}, 
  publisher = {Springer Science+Business Media Inc.}, 
}

@book{Neumann44,
  title = "The Theory of Games and Economic Behavior",
  author = "J. von Neumann and O. Morgenstern", 
  year = "1947",
  publisher = "Princeton University Press"
}

@book{Shoham09,
  title = {Multiagent Systems: Algorithmic, Game-Theoretic, and Logical Foundations}, 
  author = {Y. Shoham and K. Leyton-Brown},
  year = {2009}, 
  publisher = {Cambridge University Press}
}


@book{Combinatorial98,
  title     = {Combinatorial Algorithms},
  author    = {D.L. Kreher and D.R. Stinson}, 
  year      = {1998},
  publisher = {CRC Press}
}

@book{Cressman03,
  title     = "Evolutionary Dynamics and Extensive Form Games",
  author    = "R. Cressman", 
  year      = "2003",
  publisher = "Massachusetts Institute of Technology (MIT) Press"
}

@book{Fudenberg98,
  title = "The Theory of Learning in Games",
  author = "D. Fudenberg and D.K. Levine", 
  year = "1998",
  publisher = "Massachusetts Institute of Technology (MIT) Press"
}

@inproceedings{SequenceFormLPs,
  author =       "D. Koller and N. Megiddo and B. {von Stengel}",
  booktitle =    "Proceedings of the 26th ACM Symposium on Theory of
                 Computing ({STOC} '94)",
  title =        "Fast Algorithms for Finding Randomized Strategies in
                 Game Trees",
  pages =        "750--759",
  year =         "1994",
}

@inproceedings{Ginsberg96Partition,
  author = {M. Ginsberg},
  title = {Partition Search},
  year = 1996, 
  booktitle = {Proceedings of the Thirteenth National Conference on Artitificial Intelligence ({AAAI})}, 
  pages = {228--233},
}

@InProceedings(Billings04Game,
  author = {D. Billings and A. Davidson and T. Schauenberg and N. Burch and M. Bowling and R. Holte and J. Schaeffer and D. Szafron},
  title = {Game tree search with adaptation in stochastic imperfect information games},
  booktitle = {In Proceedings of Computers and Games (CG)},
  year = {2004}
)

@inproceedings{Piccione96,
  author =       {M. Piccione and A. Rubinstein}, 
  title =        {On the Interpretation of Decision Problems with Imperfect Recall},
  booktitle =    {Proceedings of the 6th Conference on THeoretical Aspects of Rationality and Knowledge},
  pages =        {75--76},
  publisher =    {Morgan Kaufmann Publishers Inc.},
  year =         {1996},
}

@inproceedings{Johanson13Evaluating,
  title = {Evaluating State-Space Abstractions in Extensive-Form Games},
  author = {M. Johanson and N. Burch and R. Valenzano and M. Bowling},
  booktitle = {Proceedings of the Twelfth International Conference on Autonomous Agents and Multi-Agent Systems (AAMAS)},
  year = 2013
}

@inproceedings{Waugh09,
  author =       {K. Waugh and M. Zinkevich and M. Johanson and M. Kan and D. Schnizlein and M. Bowling},
  title =        {A Practical Use of Imperfect Recall}, 
  booktitle =    {Proceedings of SARA 2009: The Eighth Symposium on Abstraction, Reformulation and 
                  Approximation},
  year =         2009,
}


@inproceedings{Dudik09,
  title =     {A Sampling-Based Approach to Computing Equilibria in Succinct Extensive-Form Games},
  author =    {M. Dud\'{i}k and G. J. Gordon},
  booktitle = {Proceedings of the 25th Conference on Uncertainty in Artificial Intelligence ({UAI}-2009)},
  year =      2009
}

@inproceedings{Sutton00policy,
  author =       {R. S. Sutton and D. McAllester and S. Singh and Y. Mansour},
  booktitle =    {Advances in Neural Information Processing Systems 12},
  title =        {Policy Gradient Methods for Reinforcement Learning with Function Approximation},
  pages =        {1057--1063},
  publisher  =   {{MIT} Press},
  year =         2000
}

@inproceedings{Zinkevich07New,
  author = {M. Zinkevich, M. Bowling, N. Burch},
  title = {A New Algorithm for Generating Equilibria in Massive Zero-Sum Games},
  booktitle = {Proceedings of the Twenty-Seventh Conference on Artificial Intelligence ({AAAI}-07)},
  year = 2007
}

@inproceedings{Bosansky13Using,
  author = {Branislav Bosansky and Viliam Lisy and Jiri Cermak and Roman Vitek and Michal Pechoucek},
  title = {Using Double-oracle Method and Serialized Alpha-Beta Search for Pruning in Simultaneous Moves Games},
  booktitle = {Proceedings of the Twenty-Third International Joint Conference on Artificial Intelligence ({IJCAI})},
  year = 2013, 
  note = {To Appear}
}

@inproceedings{Saffidine12SMAB,
  title = {Alpha-Beta Pruning for Games with Simultaneous Moves},
  author = {Abdallah Saffidine and Hilmar Finnsson and Michael Buro},
  booktitle = {Proceedings of the Thirty-Second Conference on Artificial Intelligence ({AAAI}-12)},
  year = 2012
}
  

@inproceedings{Hansen08On,
  author = {T. D. Hansen and P. B. Miltersen and T. B. S\o{}rensen},
  title = {On Range of Skill}, 
  booktitle = {Proceedings of the Twenty-Eighth Conference on Artificial Intelligence ({AAAI}-08)}, 
  year = 2008
}
@inproceedings{McMahan03Planning,
  author = {H. McMahan and G. Gordon and A. Blum},
  title = {Planning in the Presence of Cost Functions Controlled by an Adversary},
  booktitle = {Proceedings of the Twentieth International Conference on Machine Learning ({ICML}-2003)},
  year = 2003
}

@inproceedings{Gordon06No,
  author = {G. Gordon},
  title = {No-regret Algorithms for Online Convex Programs},
  booktitle = {Proceedings of the Twentieth Annual Conference on Neural Information Processing Systems ({NIPS}-2006)},
  year = 2006
}

@INPROCEEDINGS{Chaslot08MCTS,
  AUTHOR = {G. Chaslot and S. Bakkes and I. Szita	and P. Spronck},
  TITLE = {{M}onte-{C}arlo Tree Search: A New Framework for Game {AI}.},
  BOOKTITLE = {Proceedings of the Fourth Artificial Intelligence and Interactive
	Digital Entertainment Conference},
  YEAR = {2008},
  EDITOR = {{M}ichael {M}ateas and {C}hris {D}arken},
  PAGES = {216-217},
  PUBLISHER = {{AAAI} {P}ress, {M}enlo {P}ark, {CA}.},
  ORDER = {083},
  URL = {http://sander.landofsand.com/publications/BNAIC2008demonstration.pdf}
}


@inproceedings{Zinkevich03Online,
  author = {M. Zinkevich},
  title = {Online Convex Programming and Generalized Infinitesimal Gradient Ascent},
  booktitle = {Proceedings of Twentieth International Conference on Machine Learning ({ICML}-2003)},
  year = 2003,
}

@book{AIbook,
  author = {S. Russell and P. Norvig},
  title = {Artificial Intelligence: A Modern Approach}, 
  year = 2009, 
  publisher = {Prentice Hall},
  edition = {3rd},
}

@book{Sutton98,
  author = {R. Sutton and A. Barto},
  title = {Reinforcement Learning: An Introduction}, 
  year = 1998, 
  publisher = {{MIT} Press},
  note = {\url{http://webdocs.cs.ualberta.ca/\~{ }sutton/book/the-book.html}}
}

@inproceedings{UCT,
  author      = {L. Kocsis and C. Szepesv\'{a}ri},
  title       = {Bandit-based {M}onte {C}arlo Planning},
  booktitle   = {15th European Conference on Machine Learning},
  year        = 2006,
  pages       = {282--293},
	series= "LNCS",
	volume =  4212
}

@mastersthesis{Johanson07Msc,
 author       = {M. Johanson},
 title        = {Robust Strategies and Counter-Strategies: Building a Champion Level Computer {P}oker Player},
 school       = {University of Alberta},
 year         = {2007},
}

@mastersthesis{shafer08,
  author      = {J. Sch\"{a}fer},
  title       = {The {UCT} Algorithm Applied to Games with Imperfect Information},
  school      = {Otto-von-Guericke-Universit\"{a}t Magdeburg},
  year        = 2008
}

@mastersthesis{Esser12thesis,
  author      = {M. Esser},
  title       = {Best-Reply Search in Multi-Player Chess},
  school      = {Maastricht University},
  month       = July,
  year        = 2008
}

@mastersthesis{Gras12thesis,
  author      = {M. Gras},
  title       = {Multi-Player Search in the Game of Billabong},
  school      = {Maastricht University},
  month       = July,
  year        = 2008
}

@book{Gintis00,
  author =  {H. Gintis}, 
  title = {Game Theory Evolving}, 
  year = 2000, 
  publisher = {Princeton University Press}
}

@book{Gintis09,
  author =  {H. Gintis}, 
  title = {Game Theory Evolving}, 
  edition = {2nd}, 
  year = 2009, 
  publisher = {Princeton University Press}
}

@book{Schaeffer09, 
  author = {J. Schaeffer}, 
  title = {One Jump Ahead: Challenging Human Supremacy in {C}heckers},
  year = 2009, 
  edition = {2nd},
  publisher = {Springer-Verlag}
}

@techreport{OCP,
  author =      {G. J. Gordon},
  title =       {No-regret Algorithms for Structured Prediction Problems},
  number =      {CMU-CALD-05-112},
  institution = {Carnegie Mellon University},
  year =        "2005"
}


@article{Checkers,
  author = {J. Schaeffer and N. Burch and Y. Bjornsson and A. Kishimoto and M. Mueller and R. Lake and P. Lu and S. Sutphen},
  title = {Checkers is Solved},
  journal = {Science},
  year = 2007
}

@article{Rubin10Poker,
  author = {J. Rubin and I. Watson},
  title = {Computer Poker: A Review},
  journal = {Artificial Intelligence},
  year = 2010,
  volume = 175,
  number = {5--6},
  pages = {958--987}
}

@article{NMM, 
  author = {R. Gasser}, 
  title = {Solving {N}ine {M}en's {M}orris}, 
  journal = {Computational Intelligence}, 
  volume = 12,
  pages = {24--41},
  year = 1996
}

@article{Awari, 
  author = {J. W. Romein and H. E. Bal},
  title = {Solving {A}wari with Parallel Retrograde Analysis}, 
  journal = {Computer}, 
  volume = 36, 
  number = 10, 
  pages = {26--33}, 
  year = 2003
}

@article{Hex77,
  author = {J. Yang and S. Liao and M. Pawlak},
  title = {On a Decomposition Method for Finding Solution in {H}ex Game},
  journal = {International Conference on Application and Development of Computer Games in the 21st Century}, 
  pages = {96--111}, 
  year = 2001
}


@article{Go55,
  author = {E.C.D. van der Werf and H.J. van den Herik and J.W.H.M. Uiterwijk},
  title = {Solving {G}o on Small Boards}, 
  journal = {International Computer Games Association Journal}, 
  volume = 26, 
  number = 2, 
  pages = {92--107},
  year = 2003
}

@misc{OneCardPoker,
  title = {One Card {P}oker},
  author = {G. Gordon},
  note = {\url{http://www.cs.cmu.edu/~ggordon/poker/}}
}

@mastersthesis{ConnectFour, 
  author = {V. Allis}, 
  title = {A Knowledge-Based Approach to {C}onnect {F}our}, 
  school = {Vrije Universiteit}, 
  month = {October},
  year = {1988}
}

@mastersthesis{Schauenberg06, 
  author = {T. Schauenberg}, 
  title = {Opponent Modelling and Search in {P}oker},
  school = {University of Alberta}, 
  month = {Spring},
  year = {2006}
}

@mastersthesis{Castillo99,
  author = {M. de L. P. Castillo}, 
  title = {Probabilities and Simulations in {P}oker},
  institution = {University of Alberta},
  month = {September},
  year = 1999
}

@mastersthesis{Billings95,
  author = {D. Billings}, 
  title = {Computer {P}oker},
  school = {University of Alberta},
  month = {August},
  year = 1995
}

@mastersthesis{Papp98,
  author = {D. Papp}, 
  title = {Dealing with Imperfect Information in {P}oker},
  school = {University of Alberta},
  month = {November},
  year = 1998
}

@book{DeepBlue,
  title = {Behind Deep Blue: Building the Computer that Defeated the World {C}hess Championship},
  author = {F. Hsu},
  year = 2006, 
  publisher = {Princeton University Press}
}

@article{Logistello,
  title = {The {O}thello Match of the Year: {T}akeshi {M}urakami vs. {L}ogistello},
  author = {M. Buro}, 
  journal = {International Computer Chess Association (ICCA)},
  volume = 20, 
  number = 3,
  pages = {189--193},
  year = 1997
}

@article{Sturtevant08An,
  title = {An Analysis of {UCT} in Multi-Player Games},
  author = {N. R. Sturtevant},
  journal = {International Computer Games Journal}, 
  volume = 31, 
  number = 4, 
  pages = {195--208},
  year = 2008
}

@inproceedings{GAMUT,
  title      = {Run the {GAMUT}: A Comprehensive Approach to Evaluating Game-Theoretic Algorithms},
  author     = {E. Nudelman and J. Wortman and K. Leyton-Brown and Y. Shoham},
  booktitle  = {The Third International Joint Conference on Autonomous Agents and Multi-Agent Systems (AAMAS 2004)},
  year       = 2004
}

@inproceedings{Billings98,
  author = {D. Billings and D. Papp and J. Schaeffer and and D. Szafron},
  title = {Opponent Modeling in {P}oker},
  booktitle = {Proceedings of the Fifteenth National Conference of the American Association for Artificial Intelligence ({AAAI})}, 
  year = 1998
}

@inproceedings{Schaeffer99,
  author = {J. Schaeffer and D. Billings and M. de L. P. Castillo and D. Szafron},
  title = {Learning to Play strong {P}oker},
  booktitle = {International Conference on Machine Learning 1999 Workshop Machine Learning in Game Playing ({ICML})}, 
  year = 1999
}

@inproceedings{Kendall01,
  author = {G. Kendall and M. Willdig}, 
  title = {An Investigation of an Adaptive {P}oker Player}, 
  booktitle = {Proceedings of 14th Australian Joint Conference on Artificial Intelligence},
  year = 2001
}

@inproceedings{Barone98,
  author = {L. Barone and L. While},
  title = {Evolving Adaptive Play for Simplified {P}oker},
  booktitle = {Proceedings of {IEEE} International Conference on Computational Intelligence ({ICEC}-98)}, 
  year = 1998
}

@incollection{Blum07,
  title     = {Learning, Regret Minimization, and Equilibria}, 
  booktitle = {Algorithmic Game Theory}, 
  author    = {A. Blum and Y. Mansour}, 
  year      = {2007},
  chapter   = 4,
  publisher = {Cambridge University Press}
}

@incollection{Stengel07,
  title     = {Equilibrium Computation for Two-Player Games in Strategic and Extensive Form}, 
  booktitle = {Algorithmic Game Theory},
  author    = {B. von Stengel}, 
  year      = {2007},
  chapter   = 4,
  publisher = {Cambridge University Press}
}

@inproceedings{Littlestone89, 
  title     = {The Weighted Majority Algorithm}, 
  author    = {N. Littlestone, M.K. Warmuth}, 
  pages     = {256--261}, 
  year      = 1989,
  booktitle = {30th Annual Symposium on Foundations of Computer Science (SCFS 1989)}
}

@inproceedings{Gelly06,
  title     = {Exploration exploitation in {G}o: {UCT} for {M}onte-{C}arlo {G}o},
  author    = {S. Gelly and Y. Wang},
  booktitle = {NIPS 2006 Workshop on Online Trading Between Exploration and Exploitation},
  year      = 2006
}

@article{Gelly12,
  title     = {The Grand Challenge of Computer {G}o: {M}onte {C}arlo Tree Search and Extensions},
  author    = {S. Gelly and L. Kocsis and M. Schoenauer and M. Sebag and D. Silver and C. Szepesv\'{a}ri and O. Teytaud},
  journal   = {Communications of the {ACM}},
  year      = 2012,
  month     = {March},
  volume    = 55, 
  number    = 3,
  pages     = {106--113}
}


@inproceedings{Finnsson08,
  title     = {Simulation-based Approach to General Game-Playing},
  author    = {H. Finnsson and Y. Bj\"{o}rnsson},
  booktitle = {The Twenty-Third {AAAI} Conference on Artificial Intelligence}, 
  pages     = {259--264},
  publisher = {{AAAI} Press},
  year      = 2008
}

@inproceedings{Bjarnason09,
  title     = {Lower-Bounding Klondike Solitaire with {M}onte-{C}arlo Planning},
  author    = {R. Bjarnason and A. Fern and P. Tadepalli},
  booktitle = {International Conference on Automated Planning and Scheduling {ICAPS-2009}},
  year      = 2009
}

@inproceedings{Shafiei09,
  title     = {Comparing {UCT} versus {CFR} in Simultaneous Games},
  author    = {M. Shafiei and N. R. Sturtevant and J. Schaeffer},
  booktitle = {Proceeding of the {IJCAI} Workshop on General Game-Playing (GIGA)}, 
  year      = 2009, 
  pages     = {75--82}
}

@inproceedings{Lanctot12-MCMSCGW,
  title     = {Sparse Sampling for Adversarial Games},
  author    = {M. Lanctot and A. Saffidine and J. Veness and C. Archibald},
  booktitle = {Proceedings of the {ECAI} Computer Games Workshop},
  year      = 2012,
  pages     = {37--49}
}

@techreport{GDL08,
  title     = {General Game Playing: Game Description Language Specification},
  author    = {N. Love and T. Hinrichs and D. Haley and E. Schkufza and M. Geneserth},
  number    = {LG-2006-01},
  year      = {2008},
  institution = {Stanford University}
}

@inproceedings{Freund95,
  title     = {A Decision-Theoretic Generalization of On-Line Learning and an Application to Boosting}, 
  author    = {Y. Freund and R. E. Shapire}, 
  pages     = {23--37}, 
  year      = 1995,
  booktitle = {Computational Learning Theory: Second European Conference (EuroCOLT'95)},
  publisher = {Springer-Verlag}
}

@inproceedings{Exp3,
 author = {Auer, P. and Cesa-Bianchi, N. and Freund, Y. and Schapire, R. E.},
 title = {Gambling in a rigged casino: The adversarial multi-armed bandit problem},
 booktitle = {Proceedings of the 36th Annual Symposium on Foundations of Computer Science},
 year = {1995},
 pages = {322--331},
} 


@article{Auer2003Exp3,
 author = {Auer, Peter and Cesa-Bianchi, Nicol\`{o} and Freund, Yoav and Schapire, Robert E.},
 title = {The Nonstochastic Multiarmed Bandit Problem},
 journal = {SIAM J. Comput.},
 volume = {32},
 number = {1},
 month = jan,
 year = {2003},
 pages = {48--77},
 publisher = {Society for Industrial and Applied Mathematics},
 address = {Philadelphia, PA, USA},
}


@inproceedings{AbstractionPathologies,
  title = {Abstraction Pathologies in Extensive Games},
  author = {K. Waugh and D. Schnizlein and M. Bowling and D. Szafron},
  year = 2009, 
  pages = {781--788},
  booktitle = {The Eight International Conference on Autonomous Agents and Multiagent Systems ({AAMAS})}
}

@InProceedings{CFR,
  Title = "Regret Minimization in Games with Incomplete Information",
  Author = "M. Zinkevich and M. Johanson and M. Bowling and C. Piccione",
  Booktitle = "Advances in Neural Information Processing Systems 20 (NIPS 2007)",
  Year = "2008"
}

@InProceedings{Lanctot09Sampling,
  title     = {Sampling for Regret Minimization in Extensive Games},
  author    = {M. Lanctot and K. Waugh and M. Bowling and M. Zinkevich},
  booktitle = {Advances in Neural Information Processing Systems (NIPS 2009)},
  year      = {2009},
	pages = {1078--1086}
}

@InProceedings{Johanson12CFRBR,
  Title = "Finding Optimal Abstract Strategies in Extensive Form Games",
  Author = "M. Johanson and N. Bard and N. Burch and M. Bowling",
  Booktitle = "Proceedings of the Twenty-Sixth Conference on Artificial Intelligence (AAAI)",
  Year = "2012",
  Pages = "1371--1379"
}

@techreport{CFR-TR,
  title = "Regret Minimization in Games with Incomplete Information",
  author = "M. Zinkevich and M. Johanson and M. Bowling and C. Piccione",
  number = "TR07-14",
  institution = "University of Alberta",
  month = "September",
  year = "2007"
}

@article{Ross71Goofspiel,
  author =      {S. M. Ross},
  title =       {{G}oofspiel --- The game of pure strategy},
  journal =     {Journal of Applied Probability},
  volume =      {8},
  number =      {3},
  pages =       "621--625",
  year =        "1971"
}

@article{Echhard87Stan,
  title =       {Stan {U}lam, {J}ohn von {N}eumann and the {M}onte {C}arlo method}, 
  author =      {R. Eckhard}, 
  journal =     {Los Alamos Science},
  volume =      {15},
  pages =       {131--136},
  year =        {1987}
}

@article{Andrieu03An,
  title = {An Introduction to {MCMC} for Machine Learning},
  author = {C. Andrieu and N. de Freitas and A. Doucet and M. I. Jordan}, 
  journal = {Machine Learning}, 
  volume = {50}, 
  pages = {5--43},
  year = 2003
}

@article{Sandholm10The,
  title = {The State of Solving Large Incomplete-Information Games, and Application to Poker}, 
  author = {T. Sandholm},
  journal = {{AI} Magazine}, 
  volume = 31,
  number = 4,
  pages = {13--32},
  year = 2010
}

@inproceedings{EGT,
  author =      {A. Gilpin and S. Hoda and J. {Pe\~na} and T. Sandholm},
  title =       {Gradient-based Algorithms for Finding Nash Equilibria in Extensive Form Games},
  booktitle =   {3rd International Workshop on Internet and Network Economics ({WINE}'07)},
  year =        {2007}
}

@misc{CMUpoker,
  author =      {Carnegie Mellon Media Relations}, 
  title =       {Carnegie Mellon Computer {P}oker Program Sets Its Own {T}exas {H}old'Em Strategy}, 
  month =       {July}, 
  year =        2006
}

@misc{PokerAAAI06,
  author =      {{AAAI} Computer {P}oker Organizing Committee}, 
  title =       {The First Computer {P}oker Competition}, 
  institution = {Twenty-First National Conference on Artificial Intelligence ({AAAI}-06)}, 
  year =        {2006},
  note =        {\url{http://www.aaai.org/Conferences/AAAI/2006/aaai06poker.php}}
}

@misc{PokerAAAI12,
  author =      {Annual Computer {P}oker Competition Organizing Committee}, 
  title =       {Annual Computer {P}oker Competition}, 
  institution = {Twenty-Sixth Conference on Artificial Intelligence ({AAAI} 2012)}, 
  year =        {2012},
  note =        {\url{http://www.computerpokercompetition.org/}}
}

@misc{PokerAcadMM1, 
  author =      {{AAAI} Man vs. Machine {P}oker Organizing Committee},
  title =       {The First Man vs. Machine {P}oker Championship}, 
  institution = {Twenty-Second Conference on Artificial Intelligence ({AAAI}-07)}, 
  year =        {2007}, 
  note =        {\url{http://www.poker-academy.com/man-machine/results.php}}
}

@misc{PokerMM1, 
  author =      {{AAAI} Computer {P}oker Organizing Committee},
  title =       {The First Man vs. Machine {P}oker Championship}, 
  year =        {2007}, 
  note =        {\url{http://webdocs.cs.ualberta.ca/~games/poker/man-machine/2007/}}
}

@misc{PokerMM2,
  author =      {Computer {P}oker Research Group}, 
  title =       {The Second Man vs. Machine {P}oker Championship}, 
  year =        {2008}, 
  note =        {\url{http://webdocs.cs.ualberta.ca/~games/poker/man-machine/}}, 
}
 
@article{EGT-OO,
  author =      {S. Hoda and A. Gilpin and J. Pe\~{n}a}, 
  title =       {A gradient-based approach for computing {N}ash equilibria of large sequential games}, 
  journal  =    {Optimization Online}, 
  year =        {2007}, 
  month =       {July}, 
  note =        {\url{http://www.optimization-online.org/DB\_HTML/2007/07/1719.html}}
}

@article{Hart00,
  author =      {S. Hart and A. Mas-Colell},
  title =       {A Simple Adaptive Procedure Leading to Correlated Equilibrium},
  journal =     {Econometrica}, 
  volume =      {68},
  number =      {5},
  pages =       {1127--1150}, 
  year =        2000
}

@inproceedings{Greenwald05,
  title =       {Bounds for Regret-Matching Algorithms},
  author =      {A. Greenwald and Z. Li and C. Marks},
  booktitle =   {Proceedings of the Ninth International Symposium on Artificial Intelligence and Mathematics},
  year =        {2005},
}

@article{Blackwell56,
  author =      {D. Blackwell},
  title =       {An analog of the minimax theorem for vector payoffs},
  journal =     {Pacific Journal of Mathematics},
  volume =      {6},
  pages =       {1--8},
  year =        "1956"
}
 
@article{Kuhn53, 
  author =      {H. W. Kuhn}, 
  editor =      {H. W. Kuhn and A. W. Tucker}, 
  title =       {Extensive Games and the Problem of Information}, 
  booktitle =   {Annals of Mathematical Studies}, 
  journal =     {Contributions to the Theory of Games}, 
  volume =      {2}, 
  pages =       {193--216},
  year =        {1953},
  publisher =   {Princeton University Press}
}

@article{Kuhn50,
  author =      {H. W. Kuhn},
  title =       {Simplified Two-Person {P}oker},
  journal =     {Contributions to the Theory of Games},
  editor =      {H. W. Kuhn and A. W. Tucker},
  volume =      {1},
  publisher =   {Princeton University Press},
  pages =       "97--103",
  year =        "1950"
}

@inproceedings{Brown51,
  chapter =     24,
  author =      {G. W. Brown}, 
  title =       {Iterative Solutions of Games by Fictitious Play}, 
  booktitle =   {Activity Analysis of Production and Allocation}, 
  publisher =   {John Wiley \& Sons, Inc.}, 
  editor =      {T.C. Koopmans},
  year =        1951, 
  pages =       {374--376}
}

@article{Berger07, 
  title =       {{B}rown's original fictitious play}, 
  author =      {U. Berger}, 
  journal =     {Journal of Economic Theory}, 
  volume =      135, 
  pages =       {572--578}, 
  year =        2007
}

@article{UCB,
  title =       {Finite-time Analysis of the Multiarmed Bandit Problem},
  author =      {Peter Auer and Nicol\`{o} Cesa-Bianchi and Paul Fischer}, 
  journal =     {Machine Learning}, 
  volume =      47,
  number =      {2/3},
  pages =       {235--256},
  year =        2002
}

@article{Culberson98Pattern,
  author = {J. C. Culberson and J. Schaeffer}, 
  title = {Pattern Databases}, 
  journal = {Computational Intelligence}, 
  volume = 14, 
  number = 3, 
  pages = {318--334}, 
  year = 1998
}

@article{Allis94PNS, 
  author = {V. Allis}, 
  title = {Proof-number Search}, 
  journal = {Artificial Intelligence}, 
  volume = 66, 
  number = 1, 
  month = {March}, 
  pages = {91--124},
  year = {1994}
}

@inproceedings{Coulom06,
  author =     {R. Coulom},
  title =      {Efficient selectivity and backup operators in {M}onte-{C}arlo tree search},
  booktitle =  {Proceedings of the 5th international conference on Computers and games},
  series =     {CG'06},
  year =       {2007},
  isbn =       {3-540-75537-3, 978-3-540-75537-1},
  location =   {Turin, Italy},
  pages =      {72--83},
  numpages =   {12},
  url =        {http://dl.acm.org/citation.cfm?id=1777826.1777833},
  acmid =      {1777833},
  publisher =  {Springer-Verlag},
  address =    {Berlin, Heidelberg},
	series = "LNCS",
	volume = 4630
} 

@INPROCEEDINGS{Chaslot08Monte,
  AUTHOR = {G. Chaslot and S. Bakkes and I. Szita and P. Spronck},
  TITLE = {{M}onte-{C}arlo Tree Search: A New Framework for Game {AI}},
  BOOKTITLE = {Proceedings of the Fourth Artificial Intelligence and Interactive
	Digital Entertainment Conference},
  YEAR = {2008},
  EDITOR = {{M}ichael {M}ateas and {C}hris {D}arken},
  PAGES = {216-217},
  PUBLISHER = {{AAAI} {P}ress, {M}enlo {P}ark, {CA}.},
  ORDER = {083},
  URL = {http://sander.landofsand.com/publications/BNAIC2008demonstration.pdf}
}

@book{Isaacs65,
  author = {R. Isaacs},
  title = {Differential Games: A Mathematical Theory with Applications to Warfare and Pursuit, Control and Optimization},
  year = {1965},
  publisher = {John Wiley \& Sons}
}

@article{mctssurvey,
  author =     {C.B. Browne and E. Powley and D. Whitehouse and S. M. Lucas and P. I. Cowling and P. Rohlfshagen and S. Tavener and D. Perez and S. Samothrakis and S. Colton},
  journal =    {{IEEE} Transactions on Computational Intelligence and {AI} in Games},
  title =      {A Survey of {M}onte {C}arlo Tree Search Methods},
  year =       {2012},
  month =      {March},
  volume =     {4},
  number =     {1},
  pages =      {1--43}
}

@article{cantstop, 
  title = {{C}an't {S}top},
  author = {S. Sackson}, 
  journal = {Ravensburger}, 
  year = {1980}, 
}

@article{dominion, 
  title = {{D}ominion},
  author = {D. X. Vaccarino}, 
  journal = {Rio Grande Games}, 
  year = {2008}, 
}

@article{pig, 
  title = {Scarne on Dice},
  author = {J. Scarne}, 
  journal = {Harrisburg, PA: Military Service Publishing Co}, 
  year = {1945}, 
}

@article{Ponsen11Computing,
  author =    {M. Ponsen and S. de Jong and M. Lanctot},
  title =     {Computing Approximate {N}ash Equilibria and Robust Best-Responses Using Sampling},
  journal =   {Journal of Artificial Intelligence Research},
  volume =    42,
  pages =     {575--605},
  year =      2011
}

@inproceedings{Ponsen10mcrnr,
  author    = {M. Ponsen and M. Lanctot and S. de Jong}, 
  title     = {{MCRNR}: Fast Computing of Restricted {N}ash Responses by Means of Sampling},
  booktitle = {Proceedings of Interactive Decision Theory and Game Theory Workshop},
  year      = 2010
}

@inproceedings{Jackson12slumbot,
  author    = {E. Jackson}, 
  title     = {Slumbot: An Implementation Of Counterfactual Regret Minimization On Commodity Hardware},
  booktitle = {Proceedings of {AAAI} 2012 Poker Symposium},
  year      = 2012
}

@inproceedings{Gibson12probing,
  title =     {Generalized Sampling and Variance in Counterfactual Regret Minimization},
  author =    {R. Gibson and M. Lanctot and N. Burch and D. Szafron and M. Bowling},
  booktitle = {Proceedings of the Twenty-Sixth Conference on Artificial Intelligence (AAAI-12)},
  year =      {2012},
  pages =     {1355--1361},
  AcceptNumbers = {294 of 1129},
  AcceptRate = {26\%}
}

@InProceedings{12aamas-pcs,
  Title =         {Efficient {N}ash Equilibrium Approximation through {M}onte {C}arlo Counterfactual Regret Minimization},
  Author =        {M. Johanson and N. Bard and M. Lanctot and R. Gibson and M. Bowling},
  Booktitle =     {Proceedings of the Eleventh International Conference on Autonomous Agents and Multi-Agent Systems ({AAMAS})},
  Year =          {2012},
  AcceptNumbers = {137 of 671},
  AcceptRate =    {20\%}
}

@InProceedings{RGBR,
  author = {M. Johanson and K. Waugh and M. Bowling and M. Zinkevich},
  title = {Accelerating Best Response Calculation in Large Extensive Games},
  booktitle = {Proceedings of the Twenty-Second International Joint Conference on Artificial Intelligence ({IJCAI})},
  year = {2011},
}

@InProceedings{07nips-rnash,
  Title = "Computing Robust Counter-Strategies",
  Author = "M. Johanson and M. Zinkevich and M. Bowling",
  Booktitle = "Advances in Neural Information Processing Systems 20 (NIPS)",
  Year = "2008",
  Pages = "1128--1135",
  Note = "A longer version is available as a University of Alberta Technical Report, TR07-15",
  AcceptRate = "22\%",
  AcceptNumbers = "217 of 975"
}

@InProceedings{09aistats,
  Title = "Data Biased Robust Counter Strategies",
  Author = "M. Johanson and M. Bowling",
  Booktitle = "Proceedings of the Twelfth International Conference on Artificial Intelligence and Statistics (AISTATS)",
  Year = "2009",
  Pages = "264--271",
  AcceptRate = "30\%",
  AcceptNumbers = "63 of 210"
}

@article{Koller92the, 
  author =       {D. Koller and N. Megiddo}, 
  title =        {The Complexity of Two-Person Zero-Sum Games in Extensive Form}, 
  journal =      {Games and Economic Behavior}, 
  volume =       {4}, 
  pages =        {528--552}, 
  year =         {1992}
}

@article{KanekoKline95, 
  author =       {M. Kaneko and J. J. Kline},
  title =        {Behavior Strategies, Mixed Strategies and Perfect Recall},
  journal =      {International Journal of Game Theory},
  volume =       {4},
  pages =        {127--145},
  year =         1995
}

@inproceedings{Lanctot12IR,
  title =     {No-Regret Learning in Extensive-Form Games with Imperfect Recall},
  author =    {M. Lanctot and R. Gibson and N. Burch and M. Bowling},
  booktitle = {Proceedings of the Twenty-Ninth International Conference on Machine Learning ({ICML} 2012)},
  year =      {2012},
  AcceptNumbers = {243 of 890},
  AcceptRate =    {27.3\%}
}


@article{Lanctot12IR-TR,
  author    = {M. Lanctot and R. Gibson and N. Burch and M. Zinkevich and M. H. Bowling},
  title     = {No-Regret Learning in Extensive-Form Games with Imperfect Recall},
  journal   = {CoRR},
  volume    = {abs/1205.0622},
  year      = {2012},
  ee        = {http://arxiv.org/abs/1205.0622},
  bibsource = {DBLP, http://dblp.uni-trier.de}
}

@inproceedings{Neller11,
  author =     {T. W. Neller and S. Hnath},
  title =      {Approximating Optimal {D}udo Play with Fixed-Strategy Iteration Counterfactual Regret Minimization},
  booktitle =  {Computers and Games},
  year =       2011
}

@inproceedings{RamanujanS11,
  author    = {R. Ramanujan and B. Selman},
  title     = {Trade-Offs in Sampling-Based Adversarial Planning},
  booktitle = {Proceedings of the 21st International Conference on Automated Planning and Scheduling ({ICAPS 2011})},
  year      = {2011},
  ee        = {http://aaai.org/ocs/index.php/ICAPS/ICAPS11/paper/view/2708},
  bibsource = {DBLP, http://dblp.uni-trier.de}
}

@inproceedings{Winands09eval,
 author = {M. H. M. Winands and Y. Bj\"{o}rnsson},
 title = {Evaluation Function Based {M}onte-{C}arlo {L}ines of {A}ction},
 booktitle = {Proceedings of the 12th International Conference on Advances in Computer Games},
 series = {ACG'09},
 year = {2010},
 isbn = {3-642-12992-7, 978-3-642-12992-6},
 location = {Pamplona, Spain},
 pages = {33--44},
 numpages = {12},
 url = {http://dx.doi.org/10.1007/978-3-642-12993-3_4},
 doi = {10.1007/978-3-642-12993-3_4},
 acmid = {2166709},
 publisher = {Springer-Verlag},
 address = {Berlin, Heidelberg},
} 

@MastersThesis{heyden09,
  author = 	 {C. Heyden},
  title = 	 {Implementing a Computer Player for {C}arcassonnne},
  school = 	 {Department of Knowledge Engineering, Maastricht University},
  year = 	 {2009}
}

@book{russellnorvig,
  author    = {S. J. Russell and P. Norvig},
  title     = {Artificial Intelligence: A Modern Approach},
  edition   = {3rd},
  publisher = {Pearson Education},
  year      = {2010},
  isbn      = {978-0-13-207148-2},
  pages     = {I-XVIII, 1-1132},
  ee        = {http://vig.pearsoned.com/store/product/1,1207,store-12521_isbn-0136042597,00.html},
  bibsource = {DBLP, http://dblp.uni-trier.de}
}

@article{Ballard83,
  author    = {B. W. Ballard},
  title     = {The *-Minimax Search Procedure for Trees Containing Chance Nodes},
  journal   = {Artificial Intelligence},
  volume    = {21},
  number    = {3},
  year      = {1983},
  pages     = {327-350},
  ee        = {http://dx.doi.org/10.1016/S0004-3702(83)80015-0},
  bibsource = {DBLP, http://dblp.uni-trier.de}
}

@inproceedings{Hauk04rediscovering,
  author = {T. Hauk and M. Buro and J. Schaeffer},
  title = {Rediscovering *-Minimax search},
  booktitle = {Proceedings of the 4th international conference on Computers and Games},
  series = {CG'04},
  year = {2006},
  isbn = {3-540-32488-7, 978-3-540-32488-1},
  location = {Ramat-Gan, Israel},
  pages = {35--50},
  numpages = {16},
  url = {http://dx.doi.org/10.1007/11674399_3},
  doi = {10.1007/11674399_3},
  acmid = {2179920},
  publisher = {Springer-Verlag},
  address = {Berlin, Heidelberg},
} 

@article{Coulom07,
  title = {Computing {ELO} Ratings of Move Patterns in the game of {G}o},
  author = {R. Coulom},
  journal = {International Computer Games Association}, 
  volume = 30,
  number = 4, 
  pages = {198--208},
  year = 2007
}

@article{ChaslotWHUB2008,
  title = {Progressive strategies for {M}onte-{C}arlo Tree Search},
  author = {G. Chaslot and M. H. M. Winands and H. J. van den Herik and J. Uiterwijk and B. Bouzy},
  journal = {New Mathematics and Natural Computation},
  volume = {4},
  number = {3},
  pages = {343--357},
  year = {2008},
  publisher = {World Scientific Publishing Company}
}

@inproceedings{Coutoux11b,
    hal_id = {hal-00542673},
    url = {http://hal.archives-ouvertes.fr/hal-00542673},
    title = {Continuous Upper Confidence Trees},
    author = {A. Couetoux and J-B. Hoock and N. Sokolovska and O. Teytaud and N. Bonnard},
    language = {English},
    affiliation = {Laboratoire de Recherche en Informatique - LRI , TAO - INRIA Saclay - Ile de France , Chercheur Ind{\'e}pendant},
    booktitle = {{LION'11}: Proceedings of the 5th International Conference on Learning and Intelligent Optimization},
    address = {Italy},
    audience = {international},
    year = {2011},
    month = Jan,
    pdf = {http://hal.archives-ouvertes.fr/hal-00542673/PDF/c0mcts.pdf},
}

@article{chang2005,
    author = {H. S. Chang and M. C. Fu and J. Hu and S. I. Marcus},
    keywords = {bandits, forward, greedy, mdps, search, upper-confidence-bound},
    month = {January},
    number = {1},
    pages = {126--139},
    posted-at = {2010-08-24 01:45:41},
    priority = {0},
    title = {An Adaptive Sampling Algorithm for Solving {M}arkov {D}ecision {P}rocesses},
    volume = {53},
    year = {2005},
    journal = {Operations Research}
}

@inproceedings{walsh10,
  author    = {T. J. Walsh and S. Goschin and M. L. Littman},
  title     = {Integrating Sample-Based Planning and Model-Based Reinforcement
               Learning},
  booktitle = {Proceedings of The Twenty-Fourth AAAI Conference on Artificial Intelligence ({AAAI 2010})},
  year      = {2010},
  ee        = {http://www.aaai.org/ocs/index.php/AAAI/AAAI10/paper/view/1880},
  bibsource = {DBLP, http://dblp.uni-trier.de}
}

@inproceedings{kearns99,
   author = "M. J. Kearns and Y. Mansour and A. Y. Ng",
   title  = "A sparse sampling algorithm for near-optimal planning in
             large {M}arkov {D}ecision {P}rocesses",
   booktitle = {International Joint Conference on Artificial Intelligence (IJCAI)},
   pages  = "1324-1331",
   year   = 1999
}

@inproceedings{Lorentz11An,
  author = {R. J. Lorentz},
  title = {An {MCTS} Program to Play {E}inStein {W}\"{u}rfelt {N}icht!},
  booktitle = {Proceedings of the 12th International Conference on Advances in Computer Games},
  year = {2011}
}

@article{neller04,
  author = {T. W. Neller and C.G.M. Pressor},
  title = {Optimal Play of the Dice Game {P}ig}, 
  journal = {Undergraduate Mathematics and Its Applications},
  volume = {25}, 
  number = {1},
  year = {2004}, 
  pages = {25--47}
}

@incollection{veness2011,
 title     = {Variance Reduction in {M}onte-{C}arlo Tree Search},
 author    = {J. Veness and M. Lanctot and M. Bowling},
 booktitle = {Advances in Neural Information Processing Systems 24},
 editor    = {J. Shawe-Taylor and R.S. Zemel and P. Bartlett and F.C.N. Pereira and K.Q. Weinberger},
 pages     = {1836--1844},
 year      = {2011}
}

@inproceedings{Gibson12AS, 
  title     = {Efficient {M}onte {C}arlo Counterfactual Regret Minimization in Games with Many Player Actions},
  author    = {Richard Gibson and Neil Burch and Marc Lanctot and Duane Szafron},
  booktitle = {Advances in Neural Information Processing Systems 25},
  note      = {To appear},
  year      = 2012
}

@article{hoeffding1963,
     title = {Probability Inequalities for Sums of Bounded Random Variables},
     author = {W. Hoeffding},
     journal = {Journal of the American Statistical Association},
     volume = {58},
     number = {301},
     pages = {13--30},
     language = {English},
     year = {1963},
     publisher = {American Statistical Association},
}

@book{bertsekas1996,
 author = {D. P. Bertsekas and J. N. Tsitsiklis},
 title = {Neuro-Dynamic Programming},
 year = {1996},
 isbn = {1886529108},
 edition = {1st},
 publisher = {Athena Scientific},
} 

@MISC{csaba09reinforcementlearning,
    author = {C. Szepesv\'{a}ri},
    title = {Reinforcement Learning Algorithms for {MDPs}},
    year = {2009}
}

@article{bertsekas99,
 author = {D. P. Bertsekas and D. A. Castanon},
 title = {Rollout Algorithms for Stochastic Scheduling Problems},
 journal = {Journal of Heuristics},
 volume = {5},
 number = {1},
 year = {1999},
 issn = {1381-1231},
 pages = {89--108},
 doi = {http://dx.doi.org/10.1023/A:1009634810396},
 publisher = {Kluwer Academic Publishers},
 address = {Hingham, MA, USA},
}

@inproceedings{silver10,
 title = {{M}onte-{C}arlo Planning in Large {POMDPs}},
 author = {D. Silver and J. Veness},
 booktitle = {Advances in Neural Information Processing Systems 23},
 pages = {2164--2172},
 year = {2010}
}

@article{nelson1990,
     jstor_articletype = {research-article},
     title = {Control Variate Remedies},
     author = {B. L. Nelson},
     journal = {Operations Research},
     jstor_issuetitle = {},
     volume = {38},
     number = {6},
     jstor_formatteddate = {Nov. - Dec., 1990},
     pages = {pp. 974-992},
     url = {http://www.jstor.org/stable/170965},
     ISSN = {0030364X},
     language = {English},
     year = {1990},
     publisher = {INFORMS},
     copyright = {Copyright © 1990 INFORMS},
}

@InProceedings(09ijcai-mivat,
  Title = "Learning a Value Analysis Tool For Agent Evaluation",
  Author = "M. White and M. Bowling",
  Booktitle = "Proceedings of the Twenty-First International Joint Conference on Artificial Intelligence ({IJCAI 2009})",
  Year = "2009",
  Pages = "1976--1981",
  AcceptRate = "26\%",
  AcceptNumbers = "331 of 1290"
)

@inproceedings{Long10Understanding,
  title = {Understanding the Success of Perfect Information {M}onte {C}arlo Sampling in Game Tree Search},
  author = {J. Long and N. R. Sturtevant and M. Buro and T. Furtak},
  booktitle = {Proceedings of the {AAAI} Conference on Artificial Intelligence},
  year = {2010},
  pages = {134--140}
}

@inproceedings{Buro09Improving,
  title = {Improving state evaluation, inference, and search in trick-based card games}, 
  author = {M. Buro and J.R. Long and T. Furtak and N. Sturtevant},
  booktitle = {Proceedings of the {AAAI} Conference on Artificial Intelligence},
  year = 2009,
  pages = {1407--1413}
}

@article{Nijssen12SY,
  title =      {Monte Carlo Tree Search for the Hide-and-Seek Game Scotland Yard},
  journal =    {{IEEE} Transactions on Computational Intelligence and {AI} in Games},
  author =     {P. Nijssen and M. H. M. Winands},
  year =       {2012},
  month =      {December},
  volume =     {4},
  number =     {4},
  pages =      {282--294}
}

@article{Cowling12ISMCTS,
  title =      {Information Set Monte Carlo Tree Search},
  journal =    {{IEEE} Transactions on Computational Intelligence and {AI} in Games},
  author =     {P. I. Cowling and E. J. Powley and D. Whitehouse},
  year =       {2012},
  month =      {December},
  volume =     {4},
  number =     {2},
  pages =      {120--143}
}

  

@article{Schadd11Best,
  title =      {Best Reply Search for Multi-Player Games},
  journal =    {{IEEE} Transactions on Computational Intelligence and {AI} in Games},
  author =     {M. P. D. Schadd and M. H. M. Winands},
  volume =     3,
  number =     1, 
  pages =      {57--66},
  year =       {2011}
}

@inproceedings{Luckhart86An,
  author     = {C. A.  Luckhart and K. B. Irani},
  title      = {An Algorithmic Solution of N-Person Games},
  booktitle  = {AAAI'86},
  pages      = {158-162},
  year       = {1986}
}

@inproceedings{Sturtevant00On,
  author     = {N. R. Sturtevant and R. E. Korf},
  title      = {On Pruning Techniques for Multi-player Games},
  booktitle  = {Proceedings of the Seventeenth National Conference on Artificial Intelligence ({AAAI} 2000)},
  pages      = {201--207},
  year       = 2000
}

@inproceedings{Whitehouse13Integrating,
  title =     {Integrating Monte Carlo Tree Search with Knowledge-Based Methods to Create Engaging Play in a Commercial Mobile Game},
  author =    {D. Whitehouse and P.I. Cowling and E.J. Powley and J. Rollason},
  booktitle = {Proceedings of the Ninth AAAI Conference on Artificial Intelligence and Interactive Digital Entertainment ({AIIDE})},
  pages     = {100--106},
  year      = {2013}
}

@InProceedings(06aamas-softmaxn,
  Author = "Nathan Sturtevant and Michael Bowling",
  Title = "Robust Game Play Against Unknown Opponents",
  Booktitle = "Proceedings of the Fifth International Joint Conference on Autonomous Agents and Multi-Agent Systems (AAMAS)",
  Year = "2006",
  pages = "713--719",
)

@article{Sturtevant08icga,
  author    = {Nathan R. Sturtevant},
  title     = {An Analysis of {UCT} in Multi-Player Games},
  journal   = {ICGA Journal},
  volume    = {31},
  number    = {4},
  year      = {2008},
  pages     = {195-208},
}

@InProceedings(06aaai-probmaxn,
  title = "{ProbMaxn}: Opponent Modeling in N-Player Games",
  author = "Nathan Sturtevant and Martin Zinkevich and Michael Bowling",
  booktitle = "Proceedings of the Twenty-First National Conference on Artificial Intelligence (AAAI)",
  year = "2006",
  pages = "1057--1063",
)

@inproceedings{nijssen12cgw,
    title = {{An Overview of Search Techniques in Multi-Player Games}},
    author = {J. A. M. Nijssen and M. H. M. Winands},
    booktitle = {Computer Games Workshop at ECAI 2012},
    pages = {50--61},
    year = {2012}
}

@inproceedings{Zuckerman09Mixing,
 author = {Zuckerman, Inon and Felner, Ariel and Kraus, Sarit},
 title = {Mixing search strategies for multi-player games},
 booktitle = {Proceedings of the 21st international jont conference on Artifical intelligence},
 year = {2009},
 pages = {646--651},
 publisher = {Morgan Kaufmann Publishers Inc.},
 address = {San Francisco, CA, USA},
} 

@inproceedings{Lorenz06,
 author = {Lorenz, U. and Tscheuschner, T.},
 title = {Player Modeling, Search Algorithms and Strategies in Multi-Player Games},
 booktitle = {Proceedings of the 11th international conference on Advances in Computer Games},
 series = {ACG'05},
 year = {2006},
 isbn = {3-540-48887-1, 978-3-540-48887-3},
 location = {Taipei, Taiwan},
 pages = {210--224},
 publisher = {Springer-Verlag},
 address = {Berlin, Heidelberg},
 editor    = {H. J. van den Herik and
               S. Hsu and
               T. Hsu and
               H. H. L. M. Donkers},
               series    = {Lecture Notes in Computer Science (LNCS)},
               volume    = {4250}
}

@misc{mpcrules,
   author = "T. Tscheuschner",
   title = "Four-Person Chess ({P}aderborn Rules)",
   year = 2005, 
  url = "http://www2.cs.uni-paderborn.de/cs/chessy/pdf/4Prules.pdf"
}

@inproceedings{Littman94markovgames,
    author = {Michael L. Littman},
    title = {Markov Games as a Framework for Multi-Agent Reinforcement Learning},
    booktitle = {In Proceedings of the Eleventh International Conference on Machine Learning},
    year = {1994},
    pages = {157--163},
    publisher = {Morgan Kaufmann}
}

@inproceedings{Teytaud11Upper,
 author = {Teytaud, Olivier and Flory, S{\'e}bastien},
 title = {Upper confidence trees with short term partial information},
 booktitle = {Applications of Eolutionary Computation (EvoApplications 2011), Part I},
 year = {2011},
 pages = {153--162},
 publisher = {Springer-Verlag},
 address = {Berlin, Heidelberg},
series = "LNCS",
volume = "6624"
} 

@inproceedings{Auger11Multiple,
 author = {Auger, David},
 title = {Multiple tree for partially observable {M}onte-{C}arlo tree search},
 booktitle = {Applications of Eolutionary Computation (EvoApplications 2011), Part I},
 year = {2011},
 pages = {53--62},
 publisher = {Springer-Verlag},
 address = {Berlin, Heidelberg},
series = "LNCS",
volume = "6624"
} 

@inproceedings{Perick12Comparison,
  author = {Pierre Perick and David L. St-Pierre and Francis Maes and Damien Ernst}, 
  title = {Comparison of different selection strategies in Monte-Carlo Tree Search for the game of {Tron}}, 
  booktitle = {Proceedings of the {IEEE} Conference on Computational Intelligence and Games ({CIG})}, 
  year = {2012}, 
  pages = {242--249}
}

@inproceedings{Samothrakis10Tron,
  author = {Spyridon Samothrakis and David Robles and Simon M. Lucas}, 
  title = {A {UCT} Agent for {Tron}: {I}nitial Investigations}, 
  booktitle = {Proceedings of the 2010 {IEEE} Symposium on Computational Intelligence and Games ({CIG})}, 
  year = {2010}, 
  pages = {365--371}
}

@Article{Rhoads12Computer,
  author = {Rhoads, Glenn C. and Bartholdi, Laurent},
  title = {Computer Solution to the Game of Pure Strategy},
  journal = {Games},
  volume = {3},
  year = {2012},
  number = {4},
  pages = {150--156},
}


@inproceedings{Cazenave10Score,
 author = {Cazenave, Tristan and Saffidine, Abdallah},
 title = {Score bounded {M}onte-{C}arlo tree search},
 booktitle = {Proceedings of the 7th international conference on Computers and games (CG 2010)},
 year = {2011},
 pages = {93--104},
 publisher = {Springer-Verlag},
 address = {Berlin, Heidelberg},
series = "LNCS",
volume = 6515
}

@inproceedings{Winands08MCTSSolver,
 author = {Mark H.~M. Winands and Yngvi Bj\"{o}rnsson and Jahn-Takeshi Saito},
 title = {{M}onte-{C}arlo Tree Search Solver},
 booktitle = {Proceedings of the 6th international conference on Computers and Games (CG 2008)},
 year = {2008},
 pages = {25--36},
 publisher = {Springer-Verlag},
 address = {Berlin, Heidelberg},
series = "LNCS",
volume = 5131 
}

@INPROCEEDINGS{Audibert04minimaxpolicies,
    author = {Jean-Yves Audibert and S\'{e}bastien Bubeck},
    title = {Minimax policies for adversarial and stochastic bandits},
    booktitle = {Proceedings of the 22nd Annual Conference on Learning Theory},
    publisher = {Omnipress},
    year = {2004},
    pages = {773--818}
}

@inproceedings{lisy2012ecai,
 author = {Viliam Lis\'{y} and Radek P\'{i}bil and Jan Stiborek and Branislav Bo\v{s}ansk\'{y} and Michal P\v{e}chou\v{c}ek},
 booktitle = {ECAI 2012 - 20th European Conference on Artificial Intelligence},
 editor = {Luc De Raedt et al.},
 series = {Frontiers in Artificial Intelligence and Applications},
 publisher = {IOS Press},
 title = {Game-theoretic Approach to Adversarial Plan Recognition},
 volume = {242},
 year = {2012},
 pages = {546-551},
}

@inproceedings{Coulom06Efficient,
 author = {R\'{e}mi Coulom},
 title = {Efficient selectivity and backup operators in Monte-Carlo tree search},
 booktitle = {Proceedings of the 5th international conference on Computers and games},
 series = {CG'06},
 year = {2007},
 pages = {72--83},
 publisher = {Springer-Verlag},
}

@mastersthesis{Cadiaplayer,
  title={Cadia-player: A general game playing agent},
  author={Finnsson, Hilmar},
  year={2007},
  school={Reykjav\'{i}k University}
}

@InProceedings{Frank98Finding,
  author = {Ian Frank and David Basin and Hitoshi Matsubara},
  title = {Finding Optimal Strategies for Imperfect Information Games},
  year = {1998},
  booktitle = {Proceedings of the Fifteenth National Conference on Artificial Intelligence}, 
  pages = {500--507}
}

% pages!
@InProceedings{Furtak13Recursive,
  author = {T. Furtak and M. Buro},
  title = {Recursive {M}onte {C}arlo Search for Imperfect Information Games},
  year = {2013},
  booktitle = {{IEEE} Conference on Computational Intelligence in Games ({CIG} 2013)}
}

@InProceedings{Whitehouse11DDZ,
  author = {D. Whitehouse and E.J. Powley and P.I. Cowling},
  title = {Determinization and Information Set {M}onte {C}arlo Tree Search for the card game {D}ou {D}i {Z}hu},
  booktitle = {Proceedings of {IEEE} Conference on Computational Intelligence in Games (CIG)},
  pages = {87--94},
  year = 2011
}

@InProceedings{Ciancarini09Kriegspiel,
  author = {P. Ciancarini and G.P. Favini},
  title = {Monte Carlo Tree Search Techniques in the Game of {K}riegspiel},
  booktitle = {Proceedings of the Twenty-First International Joint Conference in Artificial Intelligence ({IJCAI})},
  pages = {474--479},
  year = 2009
}

%  G. Van den Broeck, K. Driessens, J. Ramon, Monte-Carlo tree search in poker using expected reward distributions, Proceedings of the ﬁrst Asian Conference on Machine Learning, ACML 2009, Nanjing, China, Lecture Notes in Computer Science, LNCS 5828, pp. 367-381, Springer, 2009
@inproceedings{vdbroek09MCTSPoker,
  author = {G. Van den Broeck and K. Driessens and J. Ramon},
  title = {Monte-Carlo tree search in poker using expected reward distributions},
  booktitle = {Proceedings of the first Asian Conference on Machine Learning (ACML)}, 
  series = {LNCS},
  volume = {5828},
  pages = {367--381},
  year = 2009
}

@article{Ciancarini10Kriegspiel,
  author = {P. Ciancarini and G.P. Favini},
  title = {Monte Carlo tree search in {K}riegspiel},
  journal = {Artificial Intelligence},
  volume = {174},
  number = {11},
  pages = {670--684},
  year = 2010
}


@inproceedings{Parker10iss,
  author = {A. Parker and D. S. Nau and V.S. Subrahmanian},
  title = {Paranoia versus overconfidence in imperfect-information games},
  booktitle = {Heuristics, Probabilities, and Causality: A Tribute to Judea Pearl},
  pages = {63--87},
  year = {2010}
}

@inproceedings{Parker06Overconfidence,
  title     = {Overconfidence or Paranoia? Search in Imperfect-Information Games},
  author    = {A. Parker and D. Nau and V.S. Subrahmanian},
  booktitle = {AAAI Proceedings of the 21st National Conference on Artificial intelligence},
  volume    = {2},
  pages     = {1045--1050},
  year      = {2006}
}

@inproceedings{Lisy12peg,
  title      = {Anytime algorithms for multi-agent visibility-based pursuit-evasion games},
  author     = {V. Lisy and B. Bosansky and M. Pechoucek},
  booktitle  = {Proceedings of the 11th International Conference on Autonomous Agents and Multiagent Systems ({AAMAS})},
  pages      = {1301--1302},
  year       = {2012},
}

@inproceedings{johanson2012efficient,
  title={Efficient Nash equilibrium approximation through Monte Carlo counterfactual regret minimization},
  author={Johanson, Michael and Bard, Nolan and Lanctot, Marc and Gibson, Richard and Bowling, Michael},
  booktitle={Proceedings of the 11th International Conference on Autonomous Agents and Multiagent Systems-Volume 2},
  pages={837--846},
  year={2012},
  organization={International Foundation for Autonomous Agents and Multiagent Systems}
}

